<record><leader>00000cas a2200000 a 4500</leader><controlfield tag="001">11063396</controlfield><controlfield tag="008">840817d19261948ksucr ne      0   a0eng d</controlfield><datafield ind1=" " ind2=" " tag="010"><subfield code="a">sn 83040591 </subfield></datafield><datafield ind1=" " ind2=" " tag="040"><subfield code="a">KSH</subfield><subfield code="b">eng</subfield><subfield code="c">KSH</subfield><subfield code="d">NPT</subfield><subfield code="d">OCL</subfield><subfield code="d">OCLCQ</subfield></datafield><datafield ind1=" " ind2=" " tag="042"><subfield code="a">msc</subfield></datafield><datafield ind1="0" ind2="0" tag="245"><subfield code="a">Baxter Springs citizen and herald.</subfield></datafield><datafield ind1=" " ind2=" " tag="260"><subfield code="a">Baxter Springs, Kan. :</subfield><subfield code="b">J.H. Mason,</subfield><subfield code="c">1926-1948.</subfield></datafield><datafield ind1=" " ind2=" " tag="300"><subfield code="a">23 v. :</subfield><subfield code="b">ill. ;</subfield><subfield code="c">60 cm.</subfield></datafield><datafield ind1=" " ind2=" " tag="310"><subfield code="a">Semiweekly,</subfield><subfield code="b">Mar. 3, 1947-May 24, 1948</subfield></datafield><datafield ind1=" " ind2=" " tag="321"><subfield code="a">Semiweekly,</subfield><subfield code="b">Aug. 12, 1926-&lt;Feb. 1947&gt;</subfield></datafield><datafield ind1=" " ind2=" " tag="321"><subfield code="a">Weekly,</subfield><subfield code="b">&lt;Feb. 20, 1947&gt;-Feb. 27, 1947</subfield></datafield><datafield ind1="0" ind2=" " tag="362"><subfield code="a">Vol. 45, no. 38 (Aug. 12, 1926)-v. 76, no. 104 (May 24, 1948).</subfield></datafield><datafield ind1=" " ind2=" " tag="530"><subfield code="a">Available on microfilm from Micro Photo.</subfield></datafield><datafield ind1=" " ind2=" " tag="752"><subfield code="a">United States</subfield><subfield code="b">Kansas</subfield><subfield code="c">Cherokee</subfield><subfield code="d">Baxter Springs.</subfield></datafield><datafield ind1="0" ind2="4" tag="780"><subfield code="t">Baxter Springs citizen</subfield><subfield code="w">(DLC)sn 83040590</subfield></datafield><datafield ind1="0" ind2="4" tag="780"><subfield code="t">Baxter Springs herald (Baxter Springs, Kan. : 1917)</subfield><subfield code="w">(DLC)sn 83040589</subfield></datafield><datafield ind1="0" ind2="0" tag="785"><subfield code="t">Baxter Springs citizen (Baxter Springs, Kan. : 1948)</subfield><subfield code="w">(DLC)sn 83040603</subfield></datafield></record>